@article{mappingGentrification,
    author  = {Smith, Serena and Gilani, Owais and Massaro, Vanessa and McGann, Carloine and Moore, Gavin and Kane, Michael},
    title   = {Mapping Gentrification: A Methodology for Measuring Neighborhood Change},
    year    = {2024},
    journal = {Data Shop},
    volume  = {26},
    number  = {1},
    pages   = {377--392}
}

@misc{acsS1501_2023,
  author       = {{U.S. Census Bureau}},
  title        = {Table S1501: Educational Attainment, 2010–2023 American Community Survey 5-Year Estimates},
  year         = {2023},
  note         = {Accessed: 2025-05-09}
}

@misc{acsB010003_2023,
  author       = {{U.S. Census Bureau}},
  title        = {Table B010003: Total Population, 2010–2023 American Community Survey 5-Year Estimates},
  year         = {2023},
  note         = {Accessed: 2025-05-11}
}

@misc{acsB25002_2023,
  author       = {{U.S. Census Bureau}},
  title        = {Table B25002: Occupancy Status, 2010–2023 American Community Survey 5-Year Estimates},
  year         = {2023},
  note         = {Accessed: 2025-05-09}
}

@misc{acsS1901_2023,
  author       = {{U.S. Census Bureau}},
  title        = {Table S1901: Median Household Income, 2010–2023 American Community Survey 5-Year Estimates},
  year         = {2023},
  note         = {Accessed: 2025-05-10}
}

@misc{acsB25064_2023,
  author       = {{U.S. Census Bureau}},
  title        = {Table B25064: Gross Rent, 2010–2023 American Community Survey 5-Year Estimates},
  year         = {2023},
  note         = {Accessed: 2025-05-10}
}

@misc{acsS2506_2023,
  author       = {{U.S. Census Bureau}},
  title        = {Table S2506: Median Home Value, 2010–2023 American Community Survey 5-Year Estimates},
  year         = {2023},
  note         = {Accessed: 2025-05-10}
}