@article{mappingGentrification,
    author  = {Smith, Serena and Gilani, Owais and Massaro, Vanessa and McGann, Carloine and Moore, Gavin and Kane, Michael},
    title   = {Mapping Gentrification: A Methodology for Measuring Neighborhood Change},
    year    = {2024},
    journal = {Data Shop},
    volume  = {26},
    number  = {1},
    pages   = {377--392}
}

@misc{acsS1501_2023,
  author       = {{U.S. Census Bureau}},
  title        = {Table S1501: Educational Attainment, 2010–2023 American Community Survey 5-Year Estimates},
  year         = {2023},
  note         = {Accessed: 2025-05-09}
}

@misc{acsB010003_2023,
  author       = {{U.S. Census Bureau}},
  title        = {Table B010003: Total Population, 2010–2023 American Community Survey 5-Year Estimates},
  year         = {2023},
  note         = {Accessed: 2025-05-11}
}

@misc{acsB25002_2023,
  author       = {{U.S. Census Bureau}},
  title        = {Table B25002: Occupancy Status, 2010–2023 American Community Survey 5-Year Estimates},
  year         = {2023},
  note         = {Accessed: 2025-05-09}
}

@misc{acsS1901_2023,
  author       = {{U.S. Census Bureau}},
  title        = {Table S1901: Median Household Income, 2010–2023 American Community Survey 5-Year Estimates},
  year         = {2023},
  note         = {Accessed: 2025-05-10}
}

@misc{acsB25064_2023,
  author       = {{U.S. Census Bureau}},
  title        = {Table B25064: Gross Rent, 2010–2023 American Community Survey 5-Year Estimates},
  year         = {2023},
  note         = {Accessed: 2025-05-10}
}

@misc{acsS2506_2023,
  author       = {{U.S. Census Bureau}},
  title        = {Table S2506: Median Home Value, 2010–2023 American Community Survey 5-Year Estimates},
  year         = {2023},
  note         = {Accessed: 2025-05-10}
}

@book{citation-key,
    author = {Scaruffi, Piero},
    title = {A History of Silicon Valley, Vol. II: The 21st Century},
    publisher = {CreateSpace} ,
    year = {2016} 
}

@misc{Wie15,
  author = {Wiener, Scott},
  title  = {Yes, Supply and Demand Apply to Housing, Even in San Francisco},
  year   = {2015},
  note   = {\url{https://scott-wiener.medium.com/yes-supply-demand-apply-to-housing-even-in-san-francisco-193c1b0c190f} (Accessed: 2025-06-04)}
}

@article{LAO,
    author = {Taylor, Mac},
    title = {California's High Housing Costs: Causes and Consequences},
    journal = {Legislative Analyst's Office},
    year = {2015} 
}

@misc{SFTU,
  author = {San Francisco Renter's Union},
  title  = {Rent Control},
  year   = {2019},
  note   = {\url{https://sftu.org/rent-control} (Accessed: 2025-06-04)}
}

@misc{TC,
  author = {Cutler, Kim-Mai},
  title  = {So You Want To Fix The Housing Crisis},
  year   = {2014},
  note   = {\url{https://techcrunch.com/2014/11/02/so-you-want-to-fix-the-housing-crisis} (Accessed: 2025-06-04)}
}

@misc{SFhomes,
    author = {MapBox},
    title = {54\% of San Francisco homes are in buildings that would be illegal to build today} ,
    note = {\url{https://sfzoning.deapthoughts.com/illegal_homes.html} (Accessed 2025-05-10)} 
}

@misc{Els15,
  author = {Elsen, Tracy},
  title  = {San Francisco's Median Rent Hits Yet Another New High},
  year   = {2015},
  note   = {\url{https://sf.curbed.com/2015/9/3/9924268/san-franciscos-median-rent-hits-yet-another-new-high} (Accessed: 2025-06-04)}
}

@misc{sfgate,
  author = {Ioannou, Filipa},
  title  = {It'll take this Bay Area city 966 years to meet its 22-year housing goal},
  year   = {2018},
  note   = {\url{https://www.sfgate.com/bayarea/article/bay-area-housing-shortage-how-long-to-fix-mtc-13034136.php} (Accessed: 2025-06-04)}
}

@article{genDisplacement,
    author  = {Chapple, Karen and Elias, Renee Roy and Thomas, Tim and Zuk, Miriam and Ramilier, Alex and Ganestos, Dori and Hartmann, Carson and Yusuf, Ayesha and Schten, Rachel and Ghosh, Shayan and Hu, Jen},
    title   = {SF Bay Area – Gentrification and Displacement},
    year    = {2015},
    journal = {Urban Displacement Project},
}

@misc{llm,
    author = {Use of LLM's},
    note = {"ChatGPT, Gemini, and Claude 4.0 was used extensively in bringing our visualization idiom to fruition, and we refactored much of the code. All visualization methods, mediums, ideas, and reports remain strictly the product of Team 17, and we did not use LLM's for these components."}
}

